<?xml version="1.0" encoding="UTF-8"?>
<record xmlns="http://www.loc.gov/MARC21/slim" xmlns:xsi="http://www.w3.org/2001/XMLSchema-instance" xsi:schemaLocation="http://www.loc.gov/MARC21/slim http://www.loc.gov/standards/marcxml/schema/MARC21slim.xsd">
<leader>     nam a2200265 a 4500</leader>
<controlfield tag="001">001678033</controlfield>
<controlfield tag="003">NNU</controlfield>
<controlfield tag="005">20000715195540.0</controlfield>
<controlfield tag="008">870426s1960    sy afb        000 0 ara</controlfield>
<datafield tag="010" ind1=" " ind2=" ">
<subfield code="a">ne 62000790</subfield>
</datafield>
<datafield tag="035" ind1="9" ind2=" ">
<subfield code="a">NYUb12221418</subfield>
</datafield>
<datafield tag="035" ind1=" " ind2=" ">
<subfield code="a">(CU)GLAD84050106</subfield>
</datafield>
<datafield tag="035" ind1=" " ind2=" ">
<subfield code="a">(CStRLIN)CUBGGLAD84050106-B</subfield>
</datafield>
<datafield tag="040" ind1=" " ind2=" ">
<subfield code="a">DLC</subfield>
<subfield code="c">*EQO*</subfield>
<subfield code="d">CU</subfield>
<subfield code="d">CStRLIN</subfield>
</datafield>
<datafield tag="050" ind1="0" ind2=" ">
<subfield code="a">DS39</subfield>
<subfield code="b">.R5 (Orien Arab)</subfield>
</datafield>
<datafield tag="100" ind1="1" ind2=" ">
<subfield code="a">Rifāʻī, Anwar.</subfield>
</datafield>
<datafield tag="245" ind1="1" ind2="3">
<subfield code="a">Al-waṭan al-ʻArabī :</subfield>
<subfield code="b">arḍuhu, sukkānuhu, tharwātuhu /</subfield>
<subfield code="c">Anwar al-Rifāʻī.</subfield>
</datafield>
<datafield tag="260" ind1=" " ind2=" ">
<subfield code="a">Dimashq :</subfield>
<subfield code="b">Dār al-Fikr ;</subfield>
<subfield code="b">Wizārat al-Thaqāfah wa-al-Irshād al-Qawmī,</subfield>
<subfield code="c">[1960]</subfield>
</datafield>
<datafield tag="300" ind1=" " ind2=" ">
<subfield code="a">117 p. [7] leaves of plates :</subfield>
<subfield code="b">ill., map ;</subfield>
<subfield code="c">20 cm.</subfield>
</datafield>
<datafield tag="490" ind1="1" ind2=" ">
<subfield code="a">Silsilat al-thaqāfah al-shaʻbīyah ;</subfield>
<subfield code="v">2</subfield>
</datafield>
<datafield tag="651" ind1=" " ind2="0">
<subfield code="a">Arab countries</subfield>
<subfield code="x">Economic conditions.</subfield>
</datafield>
<datafield tag="651" ind1=" " ind2="0">
<subfield code="a">Arab countries</subfield>
<subfield code="x">Politics and government.</subfield>
</datafield>
<datafield tag="830" ind1=" " ind2="0">
<subfield code="a">Silsilat al-thaqāfah al-shaʻbīyah ;</subfield>
<subfield code="v">2.</subfield>
</datafield>
<datafield tag="OWN" ind1=" " ind2=" ">
<subfield code="a">GENERAL</subfield>
</datafield>
<datafield tag="950" ind1=" " ind2=" ">
<subfield code="l">BMAIN</subfield>
<subfield code="a">DS39</subfield>
<subfield code="b">.R5</subfield>
</datafield>
<datafield tag="955" ind1=" " ind2=" ">
<subfield code="l">BMAIN</subfield>
<subfield code="c">1</subfield>
<subfield code="r">028216482</subfield>
</datafield>
<datafield tag="998" ind1=" " ind2=" ">
<subfield code="s">9115</subfield>
</datafield>
<datafield tag="AVA" ind1=" " ind2=" ">
<subfield code="a">NYU50</subfield>
<subfield code="b">BOBST</subfield>
<subfield code="c">Main Collection</subfield>
<subfield code="d">DS39 .R5</subfield>
<subfield code="e">unavailable</subfield>
<subfield code="t">Unavailable</subfield>
<subfield code="f">1</subfield>
<subfield code="g">1</subfield>
<subfield code="h">N</subfield>
<subfield code="i">0</subfield>
<subfield code="j">MAIN</subfield>
<subfield code="k">0</subfield>
</datafield>
</record>
